@BOOK{IntroAlgorithms,
  AUTHOR =       {Thomas H. Cormen and Charles E. Leiserson and Ronald L. Rivest},
  TITLE =        {Introduction to Algorithms},
  PUBLISHER =    {MIT Press and McGraw-Hill},
  YEAR =         {1990},
};

@article{Shah:datamules,
 author     = "R. C. Shah and S. Roy and S. Jain and W. Brunette",
 title      = "Data MULEs: Modeling and analysis of a three-tier architecture for sparse sensor networks",
 journal    = "Elsevier Ad Hoc Networks Journal",
 year       = "2003",
};

@article{Daknet,
 author     = "Alex Pentland and Richard Fletcher and Amir Hasson",
 title      = "DakNet: Rethinking Connectivity in Developing Nations ",
 journal    = "IEEE Computer",
 year       = "2004",
};

@inproceedings{vanet,
  author        = "Hao Wu and Richard Fujimoto and Randall Guensler and Michael Hunter",
  year          = "2004",
  title         = "MDDV: Mobility-Centric Data Dissemination Algorithm for Vehicular Networks",
  booktitle = {Proceedings of ACM SIGCOMM workshop on Vehicular Ad Hoc Networks (VANET)},
};

@inproceedings{Juang:zebranet,
 author = {Philo Juang and Hidekazu Oki and Yong Wang and Margaret Martonosi and Li Shiuan Peh and Daniel Rubenstein},
 title = {Energy-efficient computing for wildlife tracking: design tradeoffs and early experiences with ZebraNet},
 booktitle = {Proceedings of ACM ASPLOS},
 year = {2002},
 };

@inproceedings{Beaufour:smart-tag,
 author = {Allan Beaufour and Martin Leopold and Philippe Bonnet},
 title = {Smart-tag based data dissemination},
 booktitle = {Proceedings of ACM WSNA},
 year = {2002},
 };

@article{Glance:pollen,
  author =       "Natalie Glance and Dave Snowdon and Jean-Luc Meunier",
  title =        "Pollen: using people as a communication medium",
  journal =      "Computer Networks",
  volume =       "35",
  number =       "4",
  month =        mar,
  year =         "2001",
};

@techreport{Vahdat:epidemic,
  author        = "Amin Vahdat and David Becker",
  year =         "2000",
  title         = "Epidemic routing for partially connected ad hoc networks",
  institution   = "Duke University",
  number        = "CS-200006",
};

@article{Lindgren:probabilistic,
 author = {Anders Lindgren and Avri Doria and Olov Schelen},
 title = {Probabilistic routing in intermittently connected networks},
 journal = {SIGMOBILE Mobile Computing and Communication Review},
 volume = {7},
 number = {3},
 year = {2003},
 };

@inproceedings{Murphy:dtc,
 author = {X. Chen and A. L. Murphy},
 title = {Enabling disconnected transitive communication in mobile ad hoc networks},
 booktitle = {Proceedings of ACM POMC},
 year = {2001},
 month = aug,
 };


 @article{Li:disconnected-relay,
 author = {Qun Li and Daniela Rus},
 title = {Communication in disconnected ad hoc networks using message relay},
 journal = {Journal of Parallel and Distributed Computing},
 volume = {63},
 number = {1},
 year = {2003},
 };

 @article{Tse:Mobility,
 author = "Matthias Grossglauser and David N. C. Tse",
 title = "Mobility increases the capacity of ad hoc wireless networks",
 journal = "IEEE/ACM Transactions on Networking",
 volume = "10",
 number = "4",
 year = "2002",
 };

 @article{Mauve:survey,
  title =        "A Survey on Position-Based Routing in Mobile Ad-Hoc
                 Networks",
  author =       "M. Mauve and J. Widmer and H. Hartenstein",
  journal =      "IEEE Network",
  volume =       "10",
  number =       "6",
  year =         "2001",
  month =        nov/dec,
};

@inbook{Johnson:DSR-chapter,
 author = {David B. Johnson and David A. Maltz and Josh Broch},
 title = {DSR: the dynamic source routing protocol for multihop wireless ad hoc networks},
 booktitle = {Ad hoc networking},
 year = {2001},
 chapter = {5},
 publisher = {Addison-Wesley Longman Pub. Co., Inc.},
 };

 @inproceedings{Vetterli:AgeMatters,
 author = {Henri Dubois-Ferriere and Matthias Grossglauser and Martin Vetterli},
 title = {Age matters: efficient route discovery in mobile ad hoc networks using encounter ages},
 booktitle = {Proceedings of ACM MobiHoc},
 year = {2003},
 };

@article{Aldous:book,
  author        = "Dave Aldous and James Fill",
  title         = "Reversible Markov Chains and Random Walks on Graphs. (monograph in preparation.)",
  journal     = "http://stat-www.berkeley.edu/users/aldous/RWG/book.html",
};

@article{TorusHitting,
  title         = "Torus Hitting Times and Green's Functions.",
  journal       = "http://www.math.tamu.edu/~rellis/comb/torus/torus.html",
};

@article{Bshouty:meeting,
 author = {Nader H. Bshouty and Lisa Higham and Jolanta Warpechowska-Gruca},
 title = {Meeting Times of Random Walks on Graphs},
 booktitle = {Information Processing Letters},
 year = {1999},
 volume = {69},
 issue = {5},
 location = {Annapolis, Maryland, USA},
 };

 @book{PrinciplesRW,
  author        = "Frank Spitzer",
  title         = "Principles of Random Walk",
  publisher     = "Springer Verlag",
  year          = "2001",
  edition       = "Second"
};

@inproceedings{Royer:MobilityModels,
 author = {Amit Jardosh and Elizabeth M. Belding-Royer and Kevin C. Almeroth and Subhash Suri },
 title = {Towards Realistic Mobility Models for Mobile Ad hoc Networks},
 booktitle = {Proceedings of ACM MOBICOM},
 year = {2003},
 month = sep,
  };

@article{Camp:MobilityModels,
 author = "T. Camp and J. Boleng and V. Davies",
 title = "Mobility Models for Ad Hoc Network Simulations",
 booktitle = "Wireless Communication & Mobile Computing",
 issue = "Special issue on Mobile Ad Hoc Networking: Research, Trends and Applications",
 year = "2001",
 volume = "2",
  };

@article{dtnrg,
  title         = "Delay Tolerant Networking Research Group",
  journal       = "http://www.dtnrg.org",
};

@article{project:sendt,
  title         = "Sensor Networking with Delay Tolerance (SeNDT)",
  journal           = "http://down.dsg.cs.tcd.ie/sendt/",
};

@article{project:darpa-dtn,
  title         = "Disruption Tolerant Networking",
  journal           = "http://www.darpa.mil/ato/solicit/DTN/",
};

@inproceedings{Kumar:connectivity,
author  =   "P. Gupta and P. R. Kumar",
title   =   "Critical power for asymptotic connectivity in wireless networks",
booktitle =  "in Stochastic Analysis, Control, Optimization and Applications",
publisher = "Birkhauser, Boston",
year    =   "1998",
};

@article{Kumar:capacity,
  author = "P. Gupta and P. Kumar",
  title = "Capacity of Wireless Networks",
  journal = {Transactions on Information Theory},
  volume = {46},
  number = {2},
  year = {2000},
};

@inproceedings{Herrmann:SocialMM,
author  =   "Klaus Herrmann",
title   =   "Modeling the sociological aspects of mobility in ad hoc networks",
booktitle =  "Proc. International Workshop on Modeling Analysis and Simulation of Wireless and Mobile Systems",
year    =   "2002",
};

@book{Durrett:prob,
  author        = "Richard Durrett",
  title         = "Probability: Theory and Examples",
  publisher     = "Duxbury Press",
  year          = "1995",
  edition       = "Second"
};

@inproceedings{Chandra:resistance,
 author = {A. K. Chandra and P. Raghavan and W. L. Ruzzo and R. Smolensky},
 title = {The electrical resistance of a graph captures its commute and cover times},
 booktitle = {Proc. of ACM Symp. on Theory of Comp.},
 year = {1989}
 };

@inproceedings{akis:technical1,
  author        = "Thrasyvoulos Spyropoulos and Konstantinos Psounis and Cauligi S. Raghavendra",
  year =         "2004",
  title         = "Single-copy Routing in Intermittently Connected Mobile Networks",
  booktitle = {Proceedings of IEEE SECON},
};

@article{akis:ton-single,
  author        = "Thrasyvoulos Spyropoulos and Konstantinos Psounis and Cauligi S. Raghavendra",
  year =         "2007",
  title         = "Efficient Routing in Intermittently Connected Mobile Networks: The Single-copy Case",
  journal       = "to appear in Transactions on Networking",
};



@article{Tseng:broadcast,
 author = {Yu-Chee Tseng and Sze-Yao Ni and Yuh-Shyan Chen and Jang-Ping Sheu},
 title = {The broadcast storm problem in a mobile ad hoc network},
 journal = {Wireless Networks},
 volume = {8},
 number = {2/3},
 year = {2002},
 };

 @inproceedings{Bettstetter:waypoint-properties,
 author = {Christian Bettstetter and Hannes Hartenstein and Xavier Perez-Costa},
 title = {Stochastic properties of the random waypoint mobility model: epoch length, direction distribution, and cell change rate},
 booktitle = {Proc. ACM Int. Workshop on Modeling Analysis and Simulation of Wireless and Mobile Systems},
 year = {2002},
 };

@article{Helmy:important,
author = "F. Bai and N. Sadagopan and A. Helmy",
title = "The IMPORTANT Framework for Analyzing the Impact of Mobility on Performance of Routing for Ad Hoc Networks",
journal = "Elsevier Ad Hoc Networks Journal",
year = "2003",
volume = "1",
month = nov,
};

@BOOK{Perkins:book,
  AUTHOR =       "C. E. Perkins",
  TITLE =        "Ad Hoc Networking",
  PUBLISHER =    "Addison-Wesley",
  YEAR =         "2001",
  edition =      "1",
};



@article{Burleigh:IPN,
author = "S. Burleigh and A. Hooke and L. Torgerson and K. Fall and V. Cerf and B. Durst and K. Scott",
title = "Delay-Tolerant networking: an approach to InterPlaNetary Internet",
journal = "IEEE Communications Magazine",
year = "2003",
};

@inproceedings{Doria:saami,
 author = {A. Doria and M. Udï¿½n and D. P. Pandey},
 title = {Providing connectivity to the saami nomadic community},
 booktitle = {Proc. 2nd Int. Conf. on Open Collaborative Design for Sustainable Innovation},
 year = {2002},
 };

@inproceedings{Broch:98performance,
    author = "Josh Broch and David A. Maltz and David B. Johnson and Yih-Chun Hu and Jorjeta Jetcheva",
    title = "A Performance Comparison of Multi-Hop Wireless Ad Hoc Network Routing Protocols",
    booktitle = "Mobile Computing and Networking",
    year = "1998",
};

@inproceedings{akis:wdtn,
  author        = "Thrasyvoulos Spyropoulos and Konstantinos Psounis and Cauligi S. Raghavendra",
  year          = "2005",
  title         = "Spray and Wait: Efficient Routing in Intermittently Connected Mobile Networks",
  booktitle = {Proceedings of ACM SIGCOMM workshop on Delay Tolerant Networking (WDTN)},
};

@inproceedings{Gamal:Capacity,
  author = "A. Gamal and J. Mammen and B. Prabhakar and D. Shah",
  title = "Throughput-delay Tradeoff in Wireless Networks",
  booktitle = "Proceedings of IEEE INFOCOM",
  year = "2004",
};

@article{Neely:Capacity,
author = "M. Neely and E. Modiano",
title = "Capacity and Delay Tradeoffs for Ad-Hoc Mobile Networks",
journal = "IEEE Transactions on Information Theory",
year = "2005",
mon  =  jun,
volume = "51",
issue = "6",
};

@InProceedings{Blum:Capacity,
  author =       "E. Perevalov and R. Blum",
  title =        "Delay limited capacity of ad hoc networks: asymptotically optimal transmission and relaying strategy",
  pages =        "1575--1582",
  booktitle =    "Proceedings of the 22nd Annual Joint Conference of the
                 {IEEE} Computer and Communications Society
                 ({INFOCOM}-03)",
  month =        mar-apr,
  volume =       "2",
  publisher =    "IEEE Computer Society",
  year =         "2003",
};

@inproceedings{Inria:MessageDelay,
  author = "R.Groenevelt and G. Koole and P. Nain",
  title = "Message Delay in MANET (extended abstract)",
  booktitle = "Proc. ACM Sigmetrics",
  year = "2005",
};

@inproceedings{Purdue:Capacity,
  author = "G. Sharma and R.R. Mazumdar",
  title = "On Achievable Delay/Capacity Trade-offs in Mobile Ad Hoc Networks",
  booktitle = "Workshop on Modeling and Optimization in Mobile, Ad Hoc and Wireless Networks ({Wi'Opt})",
  year = "2004",
};

@inproceedings{Shroff:Capacity,
  author = "X. Lin and N. Shroff ",
  title = "The Fundamental Capacity-Delay Tradeoff in Large Mobile Ad Hoc Networks",
  booktitle = "Proc. of Med-Hoc-Net",
  year = "2004",
  mon = jun,
};

@inproceedings{JJ:Multicopy,
  author = "R. M. de Moraes and H. R. Sadjadpour and J.J. Garcia-Luna-Aceves",
  title = "Throughput-Delay Analysis of Mobile Ad-hoc Networks with a Multi-Copy Relaying Strategy",
  booktitle = "Proceedings of IEEE SECON",
  year = "2004",
  mon = oct,
};

@inproceedings{Gatech:Ferrys,
  author = "W. Zhao and M. Ammar and E. Zegura",
  title = "A Message Ferrying Approach for Data Delivery in Sparse Mobile Ad Hoc Networks",
  booktitle = "Proceedings of MobiHoc",
  year = "2004",
};

@inproceedings{Fall:DTNrouting,
 author = {S. Jain and K. Fall and R. Patra},
 title = {Routing in a Delay Tolerant Network},
 booktitle = {Proceedings of ACM SIGCOMM},
 year = {2004},
 month = aug,
 };

 @inproceedings{Helmy:PATHS,
 author = {Narayanan Sadagopan and Fan Bai and Bhaskar Krishnamachari and Ahmed Helmy},
 title = {PATHS: analysis of PATH duration statistics and their impact on reactive MANET routing protocols},
 booktitle = {Proceedings of ACM MobiHoc},
 year = {2003},
};

@inproceedings{Thiran:Connectivity,
 author = {Olivier Dousse and Patrick Thiran and Martin Hasler},
 title = {Connectivity in ad-hoc and hybrid networks},
 booktitle = {Proceedings of IEEE INFOCOM},
 year = {2002},
};

@ARTICLE{Akyildiz:Sensors,
  AUTHOR =       "I.F. Akyildiz and W. Su and Y. Sankarasubramaniam and E. Cayirci",
  TITLE =        "A Survey on Sensor Networks",
  JOURNAL =      "IEEE Communications Magazine",
  YEAR =         "2002",
  pages =        "102--114",
  month =        "aug",
};

@ARTICLE{Pister:Sensors,
  AUTHOR =       "J.M. Kahn and R. Katz and K. Pister",
  TITLE =        "Emerging Challenges: Mobile Networking for ï¿½Smart Dust",
  JOURNAL =      "Communication and Networks",
  YEAR =         "2000",
  month =        "sep",
  volume =       "2",
  number =       "3",
};

@techreport{Ganesan:Wireless,
  author        = "Deepak Ganesan and Bhaskar Krishnamachari and Alec Woo and David Culler and Deborah Estrin and Stephen Wicker",
  year =         "2002",
  title         = "Complex Behavior at Scale: An Experimental Study of Low-Power Wireless Sensor Networks",
  institution   = "UCLA",
  number        = "UCLA/CSD-TR 02-0013",
};

@inproceedings{Govindan:Links,
 author = {Jerry Zhao and Ramesh Govindan},
 title = {Understanding packet delivery performance in dense wireless sensor networks},
 booktitle = {SenSys '03: Proceedings of the 1st international conference on Embedded networked sensor systems},
 year = {2003},
 pages = {1--13},
 location = {Los Angeles, California, USA},
 publisher = {ACM Press},
 address = {New York, NY, USA},
 };

@inproceedings{Zuniga:TransitionalRegion,
 author = {Marco Zuniga and Bhaskar Krishnamachari},
 title = {Analyzing the Transitional Region in Low Power Wireless Links},
 booktitle = {IEEE International Conference on Sensor and Ad hoc Communications and Networks (SECON)},
 year = {2004},
 month = oct,
 location = {Santa Clara, CA, USA},
};


@BOOK{Rappaport:book,
  AUTHOR =       "T.S. Rappaport",
  TITLE =        "Wireless Communications: Principles and Practice",
  PUBLISHER =    "Prentice Hall",
  YEAR =         "1996",
  edition =      "2",
};

@MANUAL{OLSR,
  TITLE =        "Optimized Link State Routing Protocol, draft-ietfmanet-olsr-11.txt",
  author =       "Thomas Clausen and Philippe Jacquet",
  year =         "2003",
};

@inproceedings{Broch:98performance,
    author = "Josh Broch and David A. Maltz and David B. Johnson and Yih-Chun Hu and Jorjeta Jetcheva",
    title = "A Performance Comparison of Multi-Hop Wireless Ad Hoc Network Routing Protocols",
    booktitle = "Mobile Computing and Networking",
    year = "1998",
};

@ARTICLE{Royer:RoutingSurvey,
  AUTHOR =       " Elizabeth Royer and C-K Toh",
  TITLE =        "A Review of Current Routing Protocols for Ad-Hoc Mobile Wireless Networks",
  JOURNAL =      "IEEE Communications Magazine",
  YEAR =         "1999",
  month =        "apr",
};

@INPROCEEDINGS{Fall:wdtn,
  AUTHOR =       "Y. Wang and Sushant Jain and Margaret Martonosi and Kevin Fall",
  TITLE =        "Erasure Coding Based Routing for Opportunistic Networks",
  BOOKTITLE =    "Proceedings of ACM SIGCOMM workshop on Delay Tolerant Networking (WDTN)",
  YEAR =         "2005",
};

@INPROCEEDINGS{PON:wdtn,
  AUTHOR =       "Pan Hui and Augustin Chaintreau and James Scott and Richard Gass and Jon Crowcroft and Christophe Diot",
  TITLE =        "Pocket Switched Networks and Human Mobility in Conference Environments",
  BOOKTITLE =    "Proceedings of ACM SIGCOMM workshop on Delay Tolerant Networking (WDTN)",
  YEAR =         "2005",
};

@INPROCEEDINGS{Haas:wdtn,
  AUTHOR =       "Tara Small and Zygmunt Haas",
  TITLE =        "Resource and Performance Tradeoffs in Delay-Tolerant Wireless Networks",
  BOOKTITLE =    "Proceedings of ACM SIGCOMM workshop on Delay Tolerant Networking (WDTN)",
  YEAR =         "2005",
};

@INPROCEEDINGS{mobyspace,
  AUTHOR =       "Jrmie Leguay and Timur Friedman and Vania Conan",
  TITLE =        "{DTN} Routing in a Mobility Pattern Space",
  BOOKTITLE =    "Proceedings of ACM SIGCOMM workshop on Delay Tolerant Networking (WDTN)",
  YEAR =         "2005",
};

@INPROCEEDINGS{Waterloo:wdtn,
  AUTHOR =       "Evan P. C. Jones and Lily Li and Paul A. S. Ward",
  TITLE =        "Practical Routing in Delay-Tolerant Networks",
  BOOKTITLE =    "Proceedings of ACM SIGCOMM workshop on Delay Tolerant Networking (WDTN)",
  YEAR =         "2005",
};

@INPROCEEDINGS{LeBoudec:wdtn,
  AUTHOR =       "Joerg Widmer and Jean-Yves Le Boudec",
  TITLE =        "Network Coding for Efficient Communication in Extreme Networks ",
  BOOKTITLE =    "Proceedings of ACM SIGCOMM workshop on Delay Tolerant Networking (WDTN)",
  YEAR =         "2005",
};

@inproceedings{Towsley:Epidemic,
  author        = "X. Zhang and G. Neglia and J. Kurose and D. Towsley",
  title         = "Performance Modeling of Epidemic Routing",
  booktitle =     "Proceedings of IFIP Networking",
  year =          "2006",
};

@inproceedings{PON:technical,
  author        = "A. Chaintreau and P. Hui and J. Crowcroft and C. Diot and R. Gass and J. Scott",
  booktitle     = "Proceedings of IEEE INFOCOM",
  title         = "Impact of Human Mobility on the Design of Opportunistic Forwarding Algorithms",
  year =         "2006",
};

@inproceedings{Ioannidis:EASE-analysis,
  author = "S. Ioannidis and P. Marbach",
  title = "Towards an Understanding of EASE and its Properties",
  booktitle = "Workshop on Modeling and Optimization in Mobile, Ad Hoc and Wireless Networks (Wi'Opt)",
  year = "2004",
};

@inproceedings{GPSR,
 author = {Brad Karp and H. T. Kung},
 title = {{GPSR}: greedy perimeter stateless routing for wireless networks},
 booktitle = {Proceedings of MOBICOM},
 year = {2000},
};

@inproceedings{DriveThru,
 author = {Jorg Ott and Dirk Kutscher},
 title = {A Disconnection-Tolerant Transport for Drive-thru Internet Environments},
 booktitle = {Proceedings of INFOCOM},
 year = {2005},
};

@inproceedings{Haggle1,
 author = {James Scott and Pan Hui and Jon Crowcroft and Christophe Diot},
 title = {Haggle: A Networking Architecture Designed Around Mobile Users},
 booktitle = {Proceedings of IFIP Conference on Wireless On-demand Network Systems and Services {(WONS)}},
 year = {2006},
};

@inproceedings{Papadopouli:7DS,
 author = {Maria Papadopouli and Henning Schulzrinne},
 title = {Seven Degrees of Separation in Mobile Ad Hoc Networks},
 booktitle = {Proceedings of IEEE GLOBECOM},
 year = {2000},
};

@inproceedings{SprayCellular,
 author = {Fabrice Tchakountio and Ram Ramanathan},
 title = {Tracking Highly Mobile Endpoints},
 booktitle = {Proceedings of ACM workshop on wireless mobile multimedia ({WOWMOM})},
 year = {2001},
 };

@inproceedings{Apoorva:Contention,
 author = {Apoorva Jindal and Konstantinos Psounis},
 title = {Performance Analysis of Epidemic Routing under Contention},
 booktitle = {Proceedings of ACM IWCMC},
 year = {2006},
 };

@inproceedings{akis:mobihoc06,
 author = {Thrasyvoulos Spyropoulos and Konstantinos Psounis and Cauligi S. Raghavendra},
 title = {Performance analysis of mobility-assisted routing},
 booktitle = {Proceedings of ACM/IEEE MOBIHOC},
 year = {2006},
};

@techreport{Wei:Impact,
  author        = "W. Hsu and A. Helmy",
  title         = "IMPACT: Investigation of Mobile-user Patterns Across University Campuses using WLAN Trace Analysis",
  institution   = "University of Southern California",
  number        = "2005",
};

@article{UCSD-trace,
 author = {Marvin McNett and Geoffrey M. Voelker},
 title = {Access and Mobility of Wireless PDA Users},
 journal = {ACM Mobile Computing and Communication Review},
 year = {2003},
 };

@inproceedings{Dartmouth-trace,
 author = {Tristan Henderson and David Kotz and Ilya Abyzov},
 title = {The changing usage of a mature campus-wide wireless network},
 booktitle = {Proceedings of ACM MOBICOM},
 year = {2004},
 };

 @inproceedings{MIT-trace,
 author = {Magdalena Balazinska and Paul Castro},
 title = {Characterizing mobility and network usage in a corporate wireless local-area network},
 booktitle = {Proceedings of ACM MOBISYS},
 year = {2003},
 };

 @inproceedings{WLAN-mobility,
 author = {Cristian Tuduce and  Thomas Gross},
 title = {A Mobility Model Based on WLAN Traces and its Validation},
 booktitle = {Proceedings of IEEE INFOCOM},
 year = {2005},
 };

 @inproceedings{Heidemann:Acoustic,
 author = {John Heidemann and Wei Ye and Jack Wills and Affan Syed and Yuan Li},
 title = {Research Challenges and Applications for Underwater Sensor Networking},
 booktitle = {Proceedings of the IEEE Wireless Communications and Networking Conference},
 year = {2006},
 };

 @inproceedings{Fall:Sigcomm05,
 author = {Sushant Jain and Michael Demmer and Rabin Patra and Kevin Fall},
 title = {Using redundancy to cope with failures in a delay tolerant network},
 booktitle = {Proceedings of ACM SIGCOMM},
 year = {2005},
};

@article{Brewer:DTNdeveloping,
 author = {Eric Brewer and Michael Demmer and Bowei Du and Melissa Ho and Matthew Kam and Sergiu Nedevschi and Joyojeet Pal and Rabin Patra and Sonesh Surana and Kevin Fall},
 title = {The Case for Technology in Developing Regions},
 journal = {IEEE Computer},
 year = {2005},
};

@article{VANET-challenges,
 author = {J.J. Blum and A. Eskandarian and L.J. Hoffman},
 title = {Challenges of Intervehicle Ad Hoc Networks},
 journal = {IEEE Transactions on Intelligent Transportation Systems},
 year = {2004},
};

@inproceedings{Neglia:Chants06,
 author = {Giovanni Neglia and Xiaolan Zhang},
 title = {Optimal Delay-Power Tradeoff in Sparse Delay Tolerant Networks: A Preliminary Study},
 booktitle = {Proceedings of ACM SIGCOMM workshop on Challenged Networks ({CHANTS'06})},
 year = {2006},
};

@inproceedings{Cecilia:Community,
 author = {Mirco Musolesi and Cecilia Mascolo},
 title = {A community based mobility model for ad hoc network research},
 booktitle = {Proceedings of ACM {REALMAN}},
 year = {2006},
};

@inproceedings{Cecilia:ContextRouting,
 author = {Mirco Musolesi and Stephen Hailes and Cecilia Mascolo},
 title = {Adaptive Routing for Intermittently Connected Mobile Ad Hoc Networks},
 booktitle = {Proceedings of ACM WOWMOM},
 year = {2005},
};

@inproceedings{PON:Infocom06,
 author = {Augustin Chaintreau and Pan Hui and Jon Crowcroft and Christophe Diot and Richard Gass and James Scott},
 title = {Impact of human mobility on the design of opportunistic forwarding algorithms},
 booktitle = {Proceedings of IEEE INFOCOM},
 year = {2006},
};

@inproceedings{Beacon,
 author = {Venkata C. Giruka and Mukesh Singhal},
 title = {Hello Protocols for Ad-Hoc Networks: Overhead and Accuracy Tradeoffs},
 booktitle = {Proceedings of ACM/IEEE WOWMOM},
 year = {2005},
};

@inproceedings{Ammar:Throwbox,
Author = {Wenrui Zhao and Yang Chen and Mostafa Ammar and Mark Corner and Brian Levine and Ellen Zegura},
 title = {Capacity Enhancement using Throwboxes in DTNs},
 booktitle = {Proceedings of IEEE MASS},
 Year = {2006},
};

@inproceedings{Apoorva:Asilomar,
Author = {Apoorva Jindal and Konstantinos Psounis},
 title = {Optimizing multi-copy routing schemes for resource constrained intermittently connected mobile networks},
 booktitle = {to appear in IEEE Asilomar Conference on Signals, Systems and Computers},
 Year = {2006},
};

@ARTICLE{Ward:RoutingSurvey,
  AUTHOR =       {Evan P.C. Jones and Paul A.S. Ward},
  TITLE =        {Routing Strategies for Delay-Tolerant Networks},
  JOURNAL =      {Submitted to ACM Computer Communication Review (CCR)},
};

@inproceedings{Credits,
 author = {Sheng Zhong and Jiang Chen and Yang Richard Yang},
 title = {Sprite: A Simple, Cheat-Proof, Credit-Based System for Mobile Ad-Hoc Networks},
 booktitle = {IEEE INFOCOM},
 Year = {2003},
};

@inproceedings{pan:labels,
 author = {Pan Hui and Jon Crowcroft},
 title = {How Small Labels create Big Improvements},
 booktitle = {IEEE ICMAN, in conjunction with PerCom},
 Year = {2007},
};

@article{haas:mobihoc03,
  author    = {Zygmunt J. Haas and
               Tara Small},
  title     = {A new networking model for biological applications of ad
               hoc sensor networks.},
  journal   = {IEEE/ACM Transactions on Networking},
  volume    = {14},
  number    = {1},
  year      = {2006},
  pages     = {27-40},
  ee        = {http://doi.acm.org/10.1145/1133553.1133556},
  bibsource = {DBLP, http://dblp.uni-trier.de}
};

@inproceedings{Giovanni:IFIP06,
  author    = {Xiaolan Zhang and
               Giovanni Neglia and
               James F. Kurose and
               Donald F. Towsley},
  title     = {Performance Modeling of Epidemic Routing.},
  booktitle = {Networking},
  year      = {2006},
  pages     = {827-839},
  ee        = {http://dx.doi.org/10.1007/11753810_69},
  crossref  = {DBLP:conf/networking/2006},
  bibsource = {DBLP, http://dblp.uni-trier.de}
};

@ARTICLE{multitype-SIR,
  AUTHOR =       {Frank Ball and Owen D. Lyne},
  TITLE =        {Stochastic Multitype SIR Epidemics Among a Population Partitioned Into Households},
  JOURNAL =      {Advances in Applied Probability},
  YEAR =         {2001}
};

@ARTICLE{watson:stratified,
  AUTHOR =       {R. K. Watson},
  TITLE =        {On an Epidemic in a Stratified Population},
  JOURNAL =      {Journal of Applied Probability},
  YEAR =         {1972}
};

@ARTICLE{rushton:epidemic-k,
  AUTHOR =       {S. Rushton and A. J. Mautner},
  TITLE =        {The Deterministic Model of a Simple Epidemic for More than One Community},
  JOURNAL =      {Biometrika},
  YEAR =         {1955}
  };

@ARTICLE{newman:epidemic-smallworld,
  author = {Cristopher Moore and M.~E.~J. Newman},
  title = {Epidemics and percolation in small-world networks},
  journal = {Physical Review E},
  volume = {61},
  pages = {5678},
  url = {http://www.citebase.org/abstract?id=oai:arXiv.org:cond-mat/9911492},
  year = {2000}
};

@BOOK{Cambridge:Epidemic,
  AUTHOR =       {D. J. Daley and J. Gani},
  TITLE =        {Epidemic Modelling: An Introduction},
  PUBLISHER =    {Cambridge University Press},
  YEAR =         {2001},
};

@BOOK{Portfolio-book,
  AUTHOR =       {G. J. Alexander and Jack Clark Francis },
  TITLE =        {Portfolio Analysis},
  PUBLISHER =    {Prentice Hall},
  YEAR =         {1986},
};

@inproceedings{Hoppe:trans,
 author = {B. Hoppe and E. Tardos},
 title = {The quickest transshipment problem},
 booktitle = {SODA},
 year = {1995},
 pages = "441-443",
 };

@inproceedings{Hall:flow,
 author = {Alexander Hall, Steffen Hippler, Martin Skutella},
 title = {Multicommodity Flows over Time: Efficient Algorithms and Complexity},
 booktitle = {ICALP},
 year = {2003},
 pages = "397-409",
 };

 @inproceedings{Keshav:Kiosks,
 author = {A. Seth and D. Kroeker and M. Zaharia and S. Guo and S. Keshav},
 title = {Low-cost communication for rural internet kiosks using mechanical backhaul},
 booktitle = {Proceedings of ACM/IEEE MobiCom'06},
 year = {2006},
 };

@inproceedings{PeopleNet,
 author = {Mehul Motani and Vikram Srinivasan and Pavan S. Nuggehalli},
 title = {PeopleNet: engineering a wireless virtual social network},
 booktitle = {MobiCom '05: Proceedings of the 11th annual international conference on Mobile computing and networking},
 year = {2005},
};

@inproceedings{Demmer:Cambodia,
 author = {Bowei Du and Michael Demmer and Eric Brewer},
 title = {Analysis of WWW traffic in Cambodia and Ghana},
 booktitle = {WWW '06: Proceedings of the 15th international conference on World Wide Web},
 year = {2006},
 };

@inproceedings{Levine:Mobihoc07,
 author = {J. Burgess and G. Bissias and M. Corner and B.N. Levine},
 title = {Surviving Attacks on Disruption-Tolerant Networks without Authentication},
 booktitle = {to appear in IEEE/ACM Mobi{H}oc},
 year = {2007},
 };

@inproceedings{Grossglauser:Secon06,
 author = {N. Sarafijanovic-Djukic and M. Piorkowski and M. Grossglauser},
 title = {Island Hopping: Efficient Mobility-Assisted Forwarding in Partitioned Networks},
 booktitle = {Proceedings of IEEE SECON},
 year = {2006},
 };

@inproceedings{Ott:DTN-MANET,
 author = {J\"{o}rg Ott and Dirk Kutscher and Christoph Dwertmann},
 title = {Integrating DTN and MANET routing},
 booktitle = {CHANTS '06: Proceedings of the 2006 SIGCOMM workshop on Challenged networks},
 year = {2006},
 };

@inproceedings{Levine:MaxProp,
Author = {John Burgess and Brian Gallagher and David Jensen and Brian Neil Levine},
Booktitle = {Proc. IEEE INFOCOM},
Title = {{MaxProp: Routing for Vehicle-Based Disruption-Tolerant Networks}},
Year = {2006}}
};

@inproceedings{VADD,
  author = "Jing Zhao and Guohong Cao",
  title = "VADD: Vehicle-Assisted Data Delivery in Vehicular Ad Hoc Networks",
  Booktitle = {Proc. IEEE INFOCOM},
  year = {2006}
 };

 @article{DieselNet,
  title         = "The UMASS DieselNet Project",
  journal       = "\\ http://prisms.cs.umass.edu/dome/index.php?page=umassdieselnet",
};

@article{crawdad,
  title         = "CRAWDAD: A Community Resource for Archiving Wireless Data at Dartmouth",
  journal       = "http://crawdad.cs.dartmouth.edu/",
};


@inproceedings{Kave:AOC07,
   title        = {Vulnerabilities of Epidemic Forwarding},
   author      = {El Fawal, Alaeddine and Le Boudec, Jean-Yves and Salamatian, Kave},
   booktitle   = {The {F}irst {IEEE} {W}o{WM}o{M} {W}orkshop on
                 {A}utonomic and {O}pportunistic {C}ommunications
                 ({AOC}2007)},
   year        = 2007
};

@inproceedings{Keshav:DTN-Security,
  author = "A. Seth and S. Keshav",
  title = "Practical Security for Disconnected Nodes",
  Booktitle = {Proc. of ICNP Workshop on Secure Network Protocols (NPSec)},
  year = {2005}
 };

@inproceedings{weijen_infocom07,
  author = "W. Hsu and T. Spyropoulos and K. Psounis and A. Helmy",
  title = "Modeling Time-variant User Mobility in Wireless Mobile Networks",
  booktitle = "Proceedings of IEEE INFOCOM",
  year = "2007",
};

@article{wireless-virus,
 author = {David Dagon and Tom Martin and Thad Starner},
 title = {Mobile Phones as Computing Devices: The Viruses are Coming!},
 journal = {IEEE Pervasive Computing},
 year = "2004",
};

@article{akis:dtnsim,
  title         = "DTN Java Simulator",
  journal       = "http://www-sop.inria.fr/planete/spyropoulos/dtnsim.html",
};

@inproceedings{akis:AOC07,
   title        = {Utility-based Message Replication for Intermittently Connected Heterogeneous Wireless Networks},
   author      = {Thrasyvoulos Spyropoulos and Thierry Turletti and Katia Obraczka},
   booktitle   = {The {F}irst {IEEE} {W}o{WM}o{M} {W}orkshop on
                 {A}utonomic and {O}pportunistic {C}ommunications
                 ({AOC}2007)},
   year        = 2007
};

@inproceedings{Hubaux:MobilitySecurity,
 author = {Srdjan Capkun and Jean-Pierre Hubaux and Levente Butty\'{a}n},
 title = {Mobility helps security in ad hoc networks},
 booktitle = {MobiHoc '03: Proceedings of the 4th ACM international symposium on Mobile ad hoc networking \& computing},
 year = {2003},
 };

@inproceedings{vanet:parking,
  AUTHOR =       {P. Basu and T.D.C Little},
  TITLE =        {Networked parking spaces: architecture and applications},
  booktitle =      {IEEE Vehicular Technology Conference (VTC)},
  YEAR =         {2002},
};

@InProceedings{Lenders:Podcast,
author = {Vincent Lenders and Gunnar Karlsson and Martin May},
title = {Wireless Ad Hoc Podcasting},
booktitle = {IEEE SECON},
year = {2007},
};

@inproceedings{Levine:Sigcomm07,
 author = {A. Balasubramanian and B. Levine and A. Venkataramani},
 title = {DTN routing as a resource allocation problem},
 booktitle = {Proceedings of ACM SIGCOMM},
 year = {2007},
};

@INPROCEEDINGS{MilanoDTN,
  AUTHOR =       {Sabrina Gaito and Dario Maggiorini and Elena Pagani and Gian Paolo Rossi},
  TITLE =        {Distance Vector Routing for Public Transportation Vehicular Networks: Performance Evaluation on a Real Topology},
  BOOKTITLE =    {In Proc. 2nd IFIP Wireless Days},
  YEAR =         {2009},
};

@inproceedings{LeBoudec:Mobicom07,
 author = {Karagiannis, Thomas and Le Boudec, Jean-Yves and Vojnovi\'{c}, Milan},
 title = {Power law and exponential decay of inter contact times between mobile devices},
 booktitle = {Proceedings of ACM MobiCom '07},
 year = {2007},
};
@TECHREPORT{Contacts-3modes,
  AUTHOR =       {Ye Tian and Jiang Li},
  TITLE =        {Modeling Contacts and Mobility for Wireless Mobile Networks},
  INSTITUTION =  {Tech. Report: School of Computer Science and Technology, University of Science and Technology of China},
  YEAR =         {2010},
};

@inproceedings{DieselNet:Mobicom07,
 author = {Zhang, Xiaolan and Kurose, Jim and Levine, Brian Neil and Towsley, Don and Zhang, Honggang},
 title = {Study of a bus-based disruption-tolerant network: mobility modeling and impact on routing},
 booktitle = {in Proc. of MobiCom '07},
 year = {2007},
};

@inproceedings{TorinoDTN:Bionetics09,
 author = {Paolo Giaccone and David Hay and Giovanni Neglia and Leonardo Rocha},
 title = {Routing in Quasi-Deterministic Intermittently Connected Networks},
 booktitle = {in Proc. of Bionetics},
 year = {2009},
};

@inproceedings{Jeremie:Autonomics07,
 author = {Vania Conan and Jeremie Leguay and Timur Friedman},
 title = {Characterizing pairwise inter-contact patterns in delay tolerant networks},
 booktitle = {in Proc. of Autonomics},
 year = {2007},
};

@article{ONE-simulator,
  title         = "The Opportunistic Network Environment simulator",
  journal       = "http://www.netlab.tkk.fi/tutkimus/dtn/theone/",
};

@article{Boyd2006,
  author    = {Stephen P. Boyd and
               Arpita Ghosh and
               Balaji Prabhakar and
               Devavrat Shah},
  title     = {Randomized gossip algorithms},
  journal   = {IEEE Transactions on Information Theory},
  volume    = {52},
  number    = {6},
  year      = {2006},
};

@inproceedings{KarpFOCS2000,
 author = {Karp, R. and Schindelhauer, C. and Shenker, S. and Vocking, B.},
 title = {Randomized rumor spreading},
 booktitle = {FOCS '00: Proceedings of the 41st Annual Symposium on Foundations of Computer Science},
 year = {2000},
 isbn = {0-7695-0850-2},
 pages = {565},
 publisher = {IEEE Computer Society},
 address = {Washington, DC, USA},
 };

@inproceedings{KempeFOCS2003,
 author = {Kempe, David and Dobra, Alin and Gehrke, Johannes},
 title = {Gossip-Based Computation of Aggregate Information},
 booktitle = {FOCS '03: Proceedings of the 44th Annual IEEE Symposium on Foundations of Computer Science},
 year = {2003},
 isbn = {0-7695-2040-5},
 pages = {482},
 publisher = {IEEE Computer Society},
 address = {Washington, DC, USA},
 };

@inproceedings{PellegriniAOC2009,
  author    = {Alessio Guerrieri and
               Alberto Montresor and
               Iacopo Carreras and
               Francesco De Pellegrini and
               Daniele Miorandi},
  title     = {Distributed estimation of global parameters in delay-tolerant
               networks},
  booktitle = {in Proccedings of Autonomic and Opportunistic Communication (AOC) Workshop (colocated with WOWMOM},
  year      = {2009},
  pages     = {1-7},
  ee        = {http://dx.doi.org/10.1109/WOWMOM.2009.5282449},
  crossref  = {DBLP:conf/wowmom/2009},
  bibsource = {DBLP, http://dblp.uni-trier.de}
};

@INPROCEEDINGS{Li:NetCoding08,
  AUTHOR =       {Yunfeng Lin and Baochun Li and Ben Liang},
  TITLE =        {Efficient Network Coded Data Transmissions in Disruption Tolerant Networks},
  BOOKTITLE =    {Proceedings of IEEE INFOCOM},
  YEAR =         {2008},
};

@inproceedings{LeBoudec:Sigmetrics09,
 author = {Chaintreau, Augustin and Le Boudec, Jean-Yves and Ristanovic, Nikodin},
 title = {The age of gossip: spatial mean field regime},
 booktitle = {Proceedings of ACM SIGMETRICS '09},
 year = {2009},
};

@ARTICLE{ghost,
  author = {Legendre, Franck and Borrel, Vincent and de Amorim, Marcelo  D.  and Fdida, Serge  },
  title = {{Revisiting Mobility Modeling}},
  journal = {IEEE Networks},
  year = {2008},
  volume = {00},
  number = {0},
  month = {March}
};

@inproceedings{picu09,
	author = {Andreea Picu and Thrasyvoulos Spyropoulos},
	booktitle = {Bionetics},
	title = {Minimum Expected *-cast Time in {DTN}s},
	year = {2009}
};


@ARTICLE{dtb07,
  author = {G. Karlsson and V. Lenders and M. May},
  title = {{Delay-Tolerant Broadcasting}},
  journal = {IEEE Transactions on Broadcasting},
  year = {2007},
  volume = {51},
  number = {1},
  month = {March}
};

@article{campbell08,
	author = {Campbell, A. T. and Eisenman, S. B. and Lane, N. D. and Miluzzo, E. and Peterson, R. A. and Lu, H. and Zheng, X. and Musolesi, M. and Fodor, K. and Ahn, G.},
	journal = {IEEE Internet Computing},
	title = {The Rise of People-Centric Sensing},
        pages = {12--21},
        volume = {4},
        number = {12},
    	month = {July},
	year = {2008}
};

@inproceedings{LeBoudec:Mobicom07,
        author = {Karagiannis, Thomas   and Le Boudec, Jean-Yves   and Vojnovic, Milan },
        booktitle = {ACM Mobi{C}om},
        title = {Power law and exponential decay of inter contact times between mobile devices},
        year = {2007},
};

@inproceedings{Cai_2007,
 author = {Han Cai and Do Young Eun},
 title = {Crossing over the bounded domain: from exponential to power-law inter-meeting time in manet},
 booktitle = {ACM Mobi{C}om},
 year = {2007},
 };



@ARTICLE{dtb07,
  author = {G. Karlsson and V. Lenders and M. May},
  title = {{Delay-Tolerant Broadcasting}},
  journal = {IEEE Transactions on Broadcasting},
  year = {2007},
  volume = {51},
  number = {1},
  month = {March}
};

@article{citeulike:6700251,
    author = {Song, Chaoming and Qu, Zehui and Blumm, Nicholas and Barabasi, Albert-Laszlo},
    day = {19},
    doi = {10.1126/science.1177170},
    journal = {Science},
    keywords = {telecommunication, verkehrsdatenanalyse},
    month = {February},
    number = {5968},
    pages = {1018--1021},
    posted-at = {2010-02-20 22:46:52},
    priority = {2},
    title = {Limits of Predictability in Human Mobility},
    volume = {327},
    year = {2010}
};

@article{citeulike:2862276,
    author = {Gonzalez, Marta C. and Hidalgo, Cesar A. and Barabasi, Albert-Laszlo},
    citeulike-article-id = {2862276},
    citeulike-linkout-0 = {http://dx.doi.org/10.1038/nature06958},
    citeulike-linkout-1 = {http://dx.doi.org/10.1038/nature06958},
    citeulike-linkout-2 = {http://view.ncbi.nlm.nih.gov/pubmed/18528393},
    citeulike-linkout-3 = {http://www.hubmed.org/display.cgi?uids=18528393},
    day = {05},
    doi = {10.1038/nature06958},
    issn = {0028-0836},
    journal = {Nature},
    keywords = {ethics, keitaistudies, privacy, science, urbanstudies},
    month = {June},
    number = {7196},
    pages = {779--782},
    posted-at = {2008-06-05 12:30:52},
    priority = {2},
    publisher = {Nature Publishing Group},
    title = {Understanding individual human mobility patterns},
    volume = {453},
    year = {2008}
};

@article{wang,
    author = {Wang, Pu and Gonzales, Marta C.},
    journal = {Philosophical Transactions of The Royal Society A},
    month = {August},
    pages = {3321--3329},
    publisher = {Nature Publishing Group},
    title = {Understanding spatial connectivity of individuals with non-uniform population density},
    volume = {367},
    year = {2009}
};



@inproceedings{Ng01onspectral,
	author = {Andrew Y. Ng and Michael I. Jordan and Yair Weiss},
	title = {On Spectral Clustering: Analysis and an algorithm},
	booktitle = {Advances in Neural Information Processing Systems 14},
	year = {2001},
	publisher = {MIT Press}
};

@article{modularity,
	author = {Newman, M. E. J.},
	journal = {Proceedings of the National Academy of Sciences},
	title = {Modularity and community structure in networks},
	year = {2006}
};

@book{duda,
	author = {Duda, Richard  O.  and Hart, Peter  E.  and Stork, David  G. },
	month = {November},
	publisher = {Wiley-Interscience},
	title = {Pattern Classification (2nd Edition)},
	year = {2000}
};

@article{palla,
 	author = {Palla, G. and Derenyi, I. and Farkas, I. and Vicsek, T.},
	journal = {Nature},
	month = {June},
	publisher = {Nature Publishing Group},
	title = {Uncovering the overlapping community structure of complex networks in nature and society},
	year = {2005}
};


@article{louvain,
	author = {Blondel, V. D. and Guillaume, J.-L. and Lambiotte, R and Lefebvre, E.},
	title = {Fast unfolding of communities in large networks},
	journal = {J.STAT.MECH.},
	year = {2008}
};

@article{grossglauser02,
	author = {Grossglauser, M.  and Tse, D. N. C. },
	journal = {IEEE/ACM Transactions on Networking},
	title = {Mobility increases the capacity of ad hoc wireless networks},
	year = {2002}
};

@inproceedings{fall03,
 	author = {Fall, K.},
 	title = {A delay-tolerant network architecture for challenged internets},
 	booktitle = {ACM SIGCOMM},
 	year = {2003},
	 location = {Karlsruhe, Germany},
 };

@article{interplanetary03,
	author = {Burleigh, S. and Hooke, A. and Torgerson, L. and Fall, K. and Cerf, V. and Durst, B. and Scott, K. and Weiss, H.},
	journal = {IEEE Communications Magazine},
	title = {Delay-tolerant networking: an approach to interplanetary Internet},
	year = {2003}
};

@inproceedings{zebranet02,
	author = {Juang, Philo   and Oki, Hidekazu   and Wang, Yong   and Martonosi, Margaret   and Peh, Li  S.  and Rubenstein, Daniel  },
	booktitle = {ASPLOS-X},
	title = {Energy-efficient computing for wildlife tracking: design tradeoffs and early experiences with ZebraNet},
	year = {2002}
};

@inproceedings{nomadic08,
 	author = {Lindgren, Anders and Doria, Avri and Lindblom, Jan and Ek, Mattias},
	 title = {Networking in the land of northern lights: two years of experiences from DTN system deployments},
 	booktitle = {WiNS-DR},
 	year = {2008},
 	location = {San Francisco, California, USA},
 };

 @inproceedings{podnet07,
	author = {Lenders, V.  and Karlsson, G.  and May, M. },
	booktitle = {IEEE SECON},
	title = {Wireless Ad Hoc Podcasting},
	year = {2007}
};

@inproceedings{pocketswitched05,
	author = {Hui, Pan   and Chaintreau, Augustin   and Scott, James   and Gass, Richard   and Crowcroft, Jon   and Diot, Christophe  },
	booktitle = {WDTN},
	title = {Pocket switched networks and human mobility in conference environments},
	year = {2005}
};

@inproceedings{chaintreau06,
	author = {Chaintreau, A.  and Hui, P.  and Crowcroft, J.  and Diot, C.  and Gass, R.  and Scott, J. },
	booktitle = {IEEE INFOCOM},
	journal = {IEEE INFOCOM},
	title = {Impact of Human Mobility on the Design of Opportunistic Forwarding Algorithms},
	year = {2006}
};

@inproceedings{leguay07,
	author = {Conan, Vania   and Leguay, J\'{e}r\'{e}mie   and Friedman, Timur  },
	booktitle = {ACM Autonomics},
	month = {October},
	title = {Characterizing Pairwise Inter-contact Patterns in Delay Tolerant Networks},
	year = {2007}
};

@article{fleury08,
 	author = {Scherrer, A. and Borgnat, P. and Fleury, E. and Guillaume, J. -L. and Robardet, C.},
 	title = {Description and simulation of dynamic mobility networks},
 	journal = {Elsevier Computer Networks},
	 year = {2008},
 };

 @misc{cn03,
	author = {Newman, M. E. J. },
	month = {March},
	title = {The structure and function of complex networks},
	year = {2003}
};

@inproceedings{daly07,
	author = {Daly, Elizabeth  M.  and Haahr, Mads  },
	booktitle = {ACM Mobi{H}oc},
	title = "Social network analysis for routing in disconnected delay-tolerant {MANET}s",
	year = {2007}
};

@inproceedings{hui08,
	author = {P. Hui and J. Crowcroft  and E. Yoneki  },
	booktitle = {ACM Mobi{H}oc},
	title = {BUBBLE {R}ap: Social-based Forwarding in Delay Tolerant Networks},
	year = {2008}
};

@inproceedings{age03,
	author = {Dubois-Ferriere, Henri   and Grossglauser, Matthias   and Vetterli, Martin },
	booktitle = {ACM Mobi{H}oc},
	title = {Age matters: efficient route discovery in mobile ad hoc networks using encounter ages},
	year = {2003},
};

@article{prophet03,
	author = {Lindgren, Anders   and Doria, Avri   and Schel\'{e}n, Olov  },
	journal = {SIGMOBILE MCCR},
	month = {July},
	title = {Probabilistic routing in intermittently connected networks},
	year = {2003}
};

@inproceedings{mobispace06,
	author = {Leguay, J.  and Friedman, T.  and Conan, V. },
	booktitle = {IEEE INFOCOM},
	title = {Evaluating Mobility Pattern Space Routing for DTNs},
	year = {2006}
};

@inproceedings{diversity07,
	author = {Erramilli, Vijay   and Chaintreau, Augustin   and Crovella, Mark   and Diot, Christophe  },
	booktitle = {IMC},
	location = {San Diego, California, USA},
	title = {Diversity of forwarding paths in pocket switched networks},
	year = {2007}
};

@article{parctical07,
	author = {Jones, Evan  P. C.  and Li, Lily   and Schmidtke, Jakub  K. },
	journal = {IEEE Transactions on Mobile Computing},
	title = {Practical Routing in Delay-Tolerant Networks},
	year = {2007}
};

@article{akis09,
	author = {Spyropoulos, T. and Turletti, T. and Obrazcka, K.},
	journal = {IEEE Transactions on Mobile Computing},
	title = {Routing in Delay Tolerant Networks Comprising Heterogeneous Populations of Nodes},
	year = {2009}
};

@article{infection05,
	author = {Keeling, M. J. and Eames, K. T.},
	journal = {Journal of the Royal Society, Interface},
	month = {September},
	number = {4},
	title = {Networks and epidemic models.},
	volume = {2},
	year = {2005}
};

@article{enron05,
	author = {Chapanond, Anurat and Krishnamoorthy, Mukkai and Yener, B\"{u}lent},
	journal = {Computational \& Mathematical Organization Theory},
	month = {October},
	number = {3},
	title = {Graph Theoretic and Spectral Analysis of Enron Email Data},
	volume = {11},
	year = {2005}
};

@inproceedings{im08,
	author = {Leskovec, Jure and Horvitz, Eric},
	booktitle = {WWW},
	location = {Beijing, China},
	title = {Planetary-scale views on a large instant-messaging network},
	year = {2008}
};

@misc{weighted04,
	author = {Newman, M. E. J. },
	title = {Analysis of weighted networks},
	year = {2004}
};

@book{timeexpanded62,
	author={Ford, L.R. and Fulkerson, D.R.},
	title={Flows in networks},
	booktitle={Princeton University Press},
	year = {1962}
};

@inproceedings{community07,
	author = {Tantipathananandh, Chayant and Berger-Wolf, Tanya and Kempe, David},
	booktitle = {KDD},
	title = {A framework for community identification in dynamic social networks},
	year = {2007}
};

@inproceedings{hcmm07,
  	author = {Chiara Boldrini and Marco Conti and Andrea Passarella},
  	booktitle = {WRECOM},
  	title = {Users mobility models for opportunistic networks: the role of physical locations},
  	year = {2007}
};

@article{simps06,
	author = {Borrel, Vincent   and Legendre, Franck   and de Amorim, Marcelo  D.  and Fdida, Serge  },
	month = {Jun},
	title = {SIMPS: Using Sociology for Personal Mobility},
	journal = {ACM/IEEE Transactions on Networking},
	year = {2009}
};

@inproceedings{akis07,
	author = {Hsu, Wei J. and Spyropoulos, Thrasyvoulos and Psounis, Konstantinos and Helmy, Ahmed},
	booktitle = {IEEE INFOCOM},
	title = {Modeling Time-variant User Mobility in Wireless Mobile Networks},
	year = {2007}
};

@article{mit06,
	author = {Eagle, Nathan   and Pentland, Alex  },
	journal = {Personal and Ubiquitous Computing},
	month = {May},
	title = {Reality mining: sensing complex social systems},
	year = {2006}
};

@inproceedings{ethtrace,
	author = {Lenders, Vincent and Wagner, Joerg and May, Martin},
	booktitle = {IEEE EXPONWIRELESS},
	title = {Measurements from an 802.11b Mobile Ad Hoc Network},
	year = {2006}
};

@article{newman04,
	author = {Newman, M. },
	journal = {The European Physical Journal B - Condensed Matter},
	month = {March},
	number = {2},
	publisher = {Springer},
	title = {Detecting community structure in networks},
	volume = {38},
	year = {2004}
};

@article{spectra07,
	author = {von Luxburg, Ulrike},
	journal = {Statistics and Computing},
	month = {December},
	title = {A tutorial on spectral clustering},
	year = {2007}
};

@article{centrality05,
	author = {Borgatti, Stephen  P. },
	journal = {Social Networks},
	month = {January},
	number = {1},
	title = {Centrality and network flow},
	volume = {27},
	year = {2005}
};

@article{navigability00,
	author = {Kleinberg, J. M. },
	journal = {Nature},
	month = {August},
	number = {6798},
	title = {Navigation in a small world},
	volume = {406},
	year = {2000}
};

@inproceedings{glomosim,
	author = {Zeng, X. and Bagrodia, R. and Gerla, M.},
	booktitle = {Workshop on Parallel and Distributed Simulation},
	title = {GloMoSim: A Library for Parallel Simulation of Large-Scale Wireless Networks},
	year = {1998}
};

 @inproceedings{reactiveml,
 	author = {Mandel, L.  and Benbadis, F.},
 	title = {{Simulation of Mobile Ad hoc Network Protocols in ReactiveML}},
 	booktitle = {Synchronous Languages, Applications, and Programming},
 	year = {2005},
 	month={April},
 };


@inproceedings{theone,
 	author = {Ari Ker\"{a}nen and J\"{o}rg Ott and Teemu K\"{a}rkk\"{a}inen},
 	title = {{The ONE Simulator for DTN Protocol Evaluation}},
 	booktitle = {SIMUTools},
 	year = {2009},
	location = {Rome, Italy},
 	publisher = {ICST},
};

@inproceedings{Farkas06,
	author = {Farkas, K\'{a}roly   and Hossmann, Theus   and Ruf, Lukas   and Plattner, Bernhard  },
	booktitle = {MSWiM},
	publisher = {ACM Press},
	title = {Pattern matching based link quality prediction in wireless mobile ad hoc networks},
	year = {2006}
};

@article{Hossmann08,
	author = {Farkas, K\'{a}roly   and Hossmann, Theus   and Legendre, Franck   and Plattner, Bernhard   and Das, Sajal  K. },
	journal = {Elsevier Computer Communications},
	title = {Link quality prediction in mesh networks},
	year={2008}
};

@inproceedings{keller08,
	author = {Keller, Ariane   and Hossmann, Theus   and May, Martin   and Bouabene, Ghazi   and Jelger, Christophe   and Tschudin, Christian  },
	booktitle = {ICCCN},
	month = {August},
	title = {A System Architecture for Evolving Protocol Stacks},
	year = {2008}
};

@inproceedings{cfi08,
	address = {Seoul, Korea},
	author = {Hossmann, T.  and Keller, A.  and May, M.  and Dudler, S. },
	booktitle = {CFI},
	title = {Implementing the Future Internet: A case study of Pub/Sub in ANA},
	year = {2008}
};

@inproceedings{Hossmann09a,
	author={Hossmann, Theus and Legendre, Franck and Spyropoulos, Thrasyvoulos},
	booktitle = {IEEE NetSciCom},
	title={From Contacts to Graphs: Pitfalls in Using Complex Network Analysis for {DTN} Routing},
	year={2009}
};

@inproceedings{Hossmann10a,
	author={Hossmann, Theus and Spyropoulos, Thrasyvoulos and Legendre, Franck},
	booktitle = {IEEE Infocom 2010},
	title = {Know Thy Neighbor: Towards Optimal Mapping of Contacts to Social Graphs for {DTN} Routing},
	month = {March},
	year={2010},
};

@article{Boyd2006,
  author    = {Stephen P. Boyd and
               Arpita Ghosh and
               Balaji Prabhakar and
               Devavrat Shah},
  title     = {Randomized gossip algorithms},
  journal   = {IEEE Transactions on Information Theory},
  volume    = {52},
  number    = {6},
  year      = {2006},
};

@inproceedings{KarpFOCS2000,
 author = {Karp, R. and Schindelhauer, C. and Shenker, S. and Vocking, B.},
 title = {Randomized rumor spreading},
 booktitle = {IEEE Symposium on Foundations of Computer Science (FOCS)},
 year = {2000},
 };

@inproceedings{KempeFOCS2003,
 author = {Kempe, David and Dobra, Alin and Gehrke, Johannes},
 title = {Gossip-Based Computation of Aggregate Information},
 booktitle = {IEEE Symposium on Foundations of Computer Science (FOCS)},
 year = {2003},
 };

@inproceedings{PellegriniAOC2009,
  author    = {Alessio Guerrieri and
               Alberto Montresor and
               Iacopo Carreras and
               Francesco De Pellegrini and
               Daniele Miorandi},
  title     = {Distributed estimation of global parameters in delay-tolerant
               networks},
  booktitle = {IEEE AOC},
  year      = {2009},
};

@inproceedings{KrifaBS08,
  author    = {Amir Krifa and
               Chadi Barakat and
               Thrasyvoulos Spyropoulos},
  title     = {Optimal Buffer Management Policies for Delay Tolerant Networks},
  booktitle = {IEEE SECON},
  year      = {2008},
};

@inproceedings{RabaniSW98,
 author = {Rabani, Yuval and Sinclair, Alistair and Wanka, Rolf},
 title = {Local Divergence of Markov Chains and the Analysis of Iterative Load-Balancing Schemes},
 booktitle = {IEEE Symposium on Foundations of Computer Science (FOCS)},
 year = {1998},
 };

@article{akis:ton-multi,
  author        = "Thrasyvoulos Spyropoulos and Konstantinos Psounis and Cauligi S. Raghavendra",
  year          = "2008",
  title         = "Efficient Routing in Intermittently Connected Mobile Networks: The Multiple-copy Case",
  journal       = "IEEE/ACM Transactions on Networking",
  volume    = {16},
  number    = {1},
  year      = {2008},
  pages     = {77-90},
};

@inproceedings{BalasubramanianLV07,
  author    = {Aruna Balasubramanian and
               Brian Neil Levine and
               Arun Venkataramani},
  title     = {DTN routing as a resource allocation problem},
  booktitle = { ACM SIGCOMM},
  year      = {2007},
};

@inproceedings{SocialMulticast-Mobihoc2009,
 author = {Gao, Wei and Li, Qinghua and Zhao, Bo and Cao, Guohong},
 title = {Multicasting in delay tolerant networks: a social network perspective},
 booktitle = {ACM MOBIHOC},
 year = {2009},
 };

@book{ChungBook97,
    author = {Chung, Fan R. K.},
    publisher = {American Mathematical Society},
    title = {Spectral {G}raph {T}heory,
    year = {1997}
};

@inproceedings{JeremieAutonomics2007,
  author    = {Vania Conan and
               Jeremie Leguay and
               Timur Friedman},
  title     = {Characterizing pairwise inter-contact patterns in delay
               tolerant networks},
  booktitle = {ACM Autonomics},
  year      = {2007},
};

@article{Aldous:book,
  author        = "Dave Aldous and James Fill",
  title         = "Reversible Markov Chains and Random Walks on Graphs. (monograph in preparation.)",
  journal     = "http://stat-www.berkeley.edu/users/aldous/RWG/book.html",
};

@book{Ross:StochasticProcesses,
    author = {Ross, Sheldon M.},
    publisher = {Wiley},
    title = {Stochastic Processes},
    year = {1995}
};

@inproceedings{akis:mobihoc06,
 author = {Thrasyvoulos Spyropoulos and Konstantinos Psounis and Cauligi S. Raghavendra},
 title = {Performance analysis of mobility-assisted routing},
 booktitle = {ACM MOBIHOC},
 year = {2006},
};

@article{daly09,
 author = {Daly, Elizabeth M. and Haahr, Mads},
 title = {Social Network Analysis for Information Flow in Disconnected Delay-Tolerant MANETs},
 journal = {IEEE Transactions on Mobile Computing},
 volume = {8},
 number = {5},
 year = {2009},
 };

 @inproceedings{Dartmouth-trace,
 author = {Tristan Henderson and David Kotz and Ilya Abyzov},
 title = {The changing usage of a mature campus-wide wireless network},
 booktitle = {ACM MOBICOM},
 year = {2004},
 };

 @article{haas03,
  author    = {Zygmunt J. Haas and
               Tara Small},
  title     = {A new networking model for biological applications of ad
               hoc sensor networks.},
  journal   = {IEEE/ACM Transactions on Networking},
  volume    = {14},
  number    = {1},
  year      = {2006},
};

@inproceedings{Inria:MessageDelay,
  author = "R.Groenevelt and G. Koole and P. Nain",
  title = "Message Delay in {MANET} (extended abstract)",
  booktitle = "ACM Sigmetrics",
  year = "2005",
};

@inproceedings{Mirco:CMM,
 author = {Mirco Musolesi and Cecilia Mascolo},
 title = {A community based mobility model for ad hoc network research},
 booktitle = {ACM {REALMAN}},
 year = {2006},
};

@inproceedings{Levine:MaxProp,
Author = {John Burgess and Brian Gallagher and David Jensen and Brian Neil Levine},
Booktitle = {IEEE INFOCOM},
Title = {{Max{P}rop: Routing for Vehicle-Based Disruption-Tolerant Networks}},
Year = {2006}}
};

@article{dtnrg,
  title         = "Delay Tolerant Networking Research Group",
  journal       = "http://www.dtnrg.org",
};

@inproceedings{Chiara:MSWIM08,
  author    = {Chiara Boldrini and
               Marco Conti and
               Andrea Passarella},
  title     = {ContentPlace: social-aware data dissemination in opportunistic
               networks},
  booktitle = {Proceedings ACM MSWiM},
  year      = {2008},
};

@article{Molva:Safebook,
 author =      {Cutillo, Leucio Antonio and Molva, Refik and Strufe, Thorsten},
  title =       {Safebook : a privacy preserving online social network leveraging on real-life trust},
  journal =     {IEEE Communications Magazine},
  volume    = {42},
  number    = {12},
  year =       {2009},
};

@inproceedings{QueuingPolicies,
 author =      {Anders Lindgren and Kaustubh S. Phanse},
  title =       {Evaluation of Queuing Policies and Forwarding Strategies for Routing in Intermittently Connected Networks},
  booktitle =     {Proceedings of IEEE COMSWARE},
  year =       {2006},
};

@inproceedings{DCopies,
 author =      {Dohyung Kim, Hanjin Park and Ikjun Yeom},
  title =       {Minimizing the Impact of Buffer Overflow in DTN},
  booktitle =     {Proceedings International Conference on Future Internet Technologies (CFI)},
  year =       {2008},
};

@inproceedings{AOBM,
 author =      {Yong L., Mengjiong Q., Depeng J., Li S., Lieguang Z.},
  title =       {Adaptive Optimal Buffer Management Policies for Realistic DTN},
  booktitle =     {IEEE GLOBECOM},
  year =       {2009},
};

@inproceedings{PAIRWISEAVG,
 author =      {A. Guerrieri, I. Carreras, F. De Pellegrini, D. Miorandi and A. Montresor},
  title =       {Distributed Estimation of Global Parameters in Delay-Tolerant Networks},
  booktitle =     {AOC},
  year =       {2009},
};

@misc{Nyquist,
	title = {Nyquist Shannon sampling theorem},
	howpublished = "http://en.wikipedia.org/wiki/Nyquist%E2%80%93Shannon_sampling_theorem",
};

@misc{Cabspotting,
	title = {Cabspotting Project},
	howpublished = "http://cabspotting.org/",
};

@misc{DTN-NS2,
	title = {DTN Architecture for NS-2},
	howpublished = "http://www-sop.inria.fr/members/Amir.Krifa/DTN",
};

@misc{dtnrg,
	title = {Delay Tolerant Networking Research Group},
	howpublished = "http://www.dtnrg.org",
};

@misc{Mercator-Projection,
	title = {Mercator projection method},
	howpublished = "http://fr.wikipedia.org/wiki/Projection\_de\_Mercator",
};


@TECHREPORT{Keshav:multi-nic,
   AUTHOR =       {A. Seth, M. Zaharia, S. Keshav, S. Bhattacharyya},
   TITLE =        {A Policy-Oriented Architecture for Opportunistic
Communication on Multiple Wireless Networks
(http://blizzard.cs.uwaterloo.ca/keshav/home/Papers/data/06/ocmp.pdf)},
   INSTITUTION =  {University of Waterloo},
   YEAR =         {2006},
};


@article{LillieTest,
  author = {H. Lilliefors},
  title  = {On the Kolmogorov-Smirnov test for normality with mean and variance unknown},
  journal   = {Journal of the American Statistical Association, Vol. 62. pp. 399-402},
  year   = {1967},
};

@misc{ZebraNetMovement,
  author = {Yong Wang and Pei Zhang and Ting Liu and Chris Sadler and
  Margaret Martonosi},
  title  = {Movement Data Traces from Princeton ZebraNet Deployments},
  howpublished   = {CRAWDAD Database.  http://crawdad.cs.dartmouth.edu/},
  year   = {2007},
};

@inproceedings{mswim08_bcp,
  author = {Chiara Boldrini and Marco Conti and Andrea Passarella},
  booktitle = {The 11-th ACM International Conference on Modeling, Analysis and Simulation of Wireless and Mobile Systems (MSWiM'08)},
  title = {ContentPlace: Social-aware Data Dissemination in Opportunistic Networks},
  url = {http://bruno1.iit.cnr.it/~chiara/pubs/mswim08.pdf},
  year = 2008,
  keywords = {data dissemination opportunistic},
  biburl = {http://www.bibsonomy.org/bibtex/20ee769955152592d4bf629dcd8585339/chiara.boldrini}
};

@inproceedings{Boldrini:MSWIM08,
   author    = {Chiara Boldrini and Marco Conti and Andrea Passarella},
   title     = {ContentPlace: social-aware data dissemination in opportunistic
                networks},
   booktitle = {Proceedings of ACM MSWiM},
   year      = {2008},
};

@inproceedings{Boldrini:SocialForwarding,
   author    = {Chiara Boldrini and Marco Conti and Andrea Passarella},
   title     = {Exploiting users' social relations to forward data in opportunistic networks: the HiBOp solution},
   booktitle = {Proceedings of Pervasive Mob. Comput. },
   year      = {2008},
};



@inproceedings{Keshav:Mobisys07,
 author = {Hadaller, David and Keshav, Srinivasan and Brecht, Tim and Agarwal, Shubham},
 title = {Vehicular opportunistic communication under the microscope},
 booktitle = {Proceedings of ACM MobiSys'07},
 year = {2007},
 doi = {http://doi.acm.org/10.1145/1247660.1247685},
 address = {New York, NY, USA},
 };


@inproceedings{CCN,
 author = {V. Jacobson and D.K. Smetters and J.D. Thornton and M.F. Plass and N.H. Briggs and R.L. Braynard},
 title = {{N}etworking Named content},
 booktitle = {Proc. of ACM CoNEXT},
 year = {2009},
 location = {Rome, Italy},
};

@misc{loopt,
	title = {Mobile social mapping service},
	howpublished = "http://www.loopt.com",
}

@misc{gowalla,
	title = {A location-based social networking service},
	howpublished = "http://gowalla.com",
};

@inproceedings{DTNSelfReportedSN,
author = {G. Bigwood and D. Rehunathan and M. Bateman and T. Henderson and S. Bhatti},
title = {Exploiting Self-Reported Social Networks for Routing in Ubiquitous Computing Environments},
Booktitle ={Proc. of IEEE WMC},
year = {2008},
address = {Los Alamitos, CA, USA},
};

@inproceedings{SocialInteractionsMobileSystems,
  author = {A. Miklas and  K. Gollu and  K. Chan and  S. Saroiu and  K. Gummadi and  E. De Lara},
  title = {Exploiting Social Interactions in Mobile Systems},
  booktitle = {Proc. of ACM UbiComp},
  year = {2007},
  month = {September},
  address = {Innsbruck, Austria},
};

@inproceedings{SocialDTNR,
  author = {G. Bigwood and T. Henderson and S. Bhatti},
  title = {Social Delay-Tolerant Network Routing},
  booktitle = {Proc. of ICC Workshop on Complexity in Social Systems},
  year = {2009},
  address = {Lisbon},
};

@inproceedings{SocialDTNR2,
 author = {G. Bigwood and T. Henderson},
 title = {Social {DTN} routing},
 booktitle = {Proc. of ACM CoNEXT},
 year = {2008},
 location = {Madrid, Spain},
 address = {New York, NY, USA},
 };

@inproceedings{pietilainen09social,
   author = {A. Pietilainen and C. Diot},
   title = {Social Pocket Switched Networks},
   booktitle = {Proc. of IEEE Infocom},
   year = {2009},
};

@inproceedings{DTNMulticast,
 author = {Z. Wenrui and A. Mostafa and Z. Ellen},
 title = {Multicasting in delay tolerant networks: semantic models and routing algorithms},
 booktitle = {Proc. of ACM SIGCOMM WDTN},
 year = {2005},
 location = {Philadelphia, Pennsylvania, USA},
 };

@misc{comscore,
title = {ComScore statistics},
howpublished = "http://www.comscore.com"
};

@inproceedings{MobiCent,
author={B. B. Chen and M. C. Chan},
booktitle={Proc. of IEEE INFOCOM},
title={MobiCent: a Credit Based Incentive System for Disruption Tolerant Network},
location = {Shanghai, China},
year={2010},
};

@inproceedings{Reputation,
author={B. Sonja  and J. Y. Le Boudec},
booktitle={Proc. of P2PEcon},
title={A Robust Reputation System for Peer-to-Peer and Mobile Ad-hoc Networks},
location = {Harvard University, Cambridge MA, USA},
year={2004},
};



@inproceedings{SSAR,
 author = {Q. Li and S. Zhu and G. Cao},
 title = {Routing in socially selfish delay tolerant networks},
 booktitle = {Proc. of IEEE INFOCOM},
 year = {2010},
 location = {Shanghai, China},
 };

@inproceedings{IADTN,
author={U. Shevade and H. Song and L. Qiu and Y. Zhang},
booktitle ={Proc. of IEEE ICNP},
title={Incentive aware routing in DTNs},
year={2008},
location = {Orlando, FL, USA},
};

@inproceedings{BlueTorrent,
author={S. Jung and U. Lee and A. Chang and D. Cho and M. Gerla},
booktitle={Proc. of IEEE PerCom},
title={BlueTorrent: Cooperative Content Sharing for Bluetooth Users},
year={2007},
location = {NY, USA},
};

@inproceedings{TACODTN,
author={G. Sollazzo and M. Musolesi and C. Mascolo},
booktitle={Proc. of ACM MobiOpp},
title={{TACO-DTN}: A Time-Aware COntent-based dissemination system for Delay Tolerant Networks},
year={2007},
location = {Puerto Rico},
};

@inproceedings{EASE,
author={ M. Grossglauser and M. Vetterli},
booktitle={Proc. of IEEE INFOCOM},
title={Locating nodes with EASE: Last encounter routing in Ad Hoc networks through mobility diffusion},
year={2003},
location = {San Francisco, USA},
};

@inproceedings{BrownianGossip,
author={ R. R. Choudhury},
booktitle={Proc. of IEEE Workshop on Stochasticity in Distributed Systems},
title={Brownian gossip: Exploiting node mobility for diffusing information in wireless networks},
year={2005},
location = {San Jose, USA},
};

@article{ContentPlace,
author={C. Boldrini and M. Conti and A. Passarella},
journal={in Elsevier Computer Networks},
title={Design and performance evaluation of ContentPlace, a social-aware data dissemination system for opportunistic networks},
year={2010},
};

@article{PodNetBroadcasting,
author={ G. Karlsson and V. Lenders and M. May},
journal={Transactions on Broadcasting},
title={Delay-Tolerant Broadcasting},
year={2010},
};

@misc{KAIST,
	title = {{KAIST} mobility traces},
	howpublished = "http://research.csc.ncsu.edu/netsrv/?q=node/4",
};

@inproceedings{LOCUS,
author={ N. A. Thompson and R. Crepaldi and R. Kravets},
booktitle={Proc. of ACM CHANTS},
title={Locus: A Location-based Data Overlay For Disruption-Tolerant Networks },
year={2010},
location = {Chicago, Illinois, USA},
};

@inproceedings{SocialCast,
author={O. Helgason and E. Yavuz and S. Kouyoumdjieva and L. Pajevic and G. Karlsson},
booktitle={Proc. of ACM MobiHeld},
title={A Mobile Peer-to-Peer System for Opportunistic Content-Centric Networking},
year={2010},
location = {NEW DELHI, INDIA},
};

@article{SocialCast2,
author={P. Costa and C. Mascolo and M. Musolesi and G. P. Picco},
journal={Transactions on IEEE Selected Areas in Communications},
title={Socially-aware routing for publish-subscribe in delay-tolerant mobile ad hoc networks},
year={2008},
};


@inproceedings{May07wirelessopportunistic,
author = {M. May and C. Wacha and V. Lenders and G. Karlsson},
title = {Wireless Opportunistic Podcasting: Implementation and Design Tradeoffs},
booktitle={Proc. of ACM CHANTS},
year = {2007},
};

@inproceedings{HCMM,
author={C. Boldrini and M. Conti and A. Passarella},
booktitle={Proc. of IEEE WRECOM},
title={Users Mobility Models for Opportunistic Networks: the Role of Physical Locations},
year={2007},
location = {Rome, Italy},
};

@inproceedings{BitHoc,
author={A. Krifa and M. K. Sbai and C. Barakat and T. Turletti},
booktitle={Proc. of IEEE PerCom},
title={BitHoc: A content sharing application for Wireless Ad hoc Networks},
year={2009},
location = {Texas, USA},
};

@inproceedings{CellOffLoading,
author={B. Han and P. Hui and M. Marathe and G. Pei and A. Srinivasan and A. Vullikanti},
booktitle={Proc. of ACM CHANTS},
title={Cellular Traffic Offloading through Opportunistic Communications: A Case Study },
year={2010},
location = {Illinois, USA},
};


@inproceedings{Augmenting3G,
author={A. Balasubramanian and R. Mahajan and A. Venkataramani},
booktitle={Proc. of ACM MobiSys},
title={Augmenting Mobile 3G Using WiFi },
year={2010},
location = {San Francisco, CA, USA},
};

@inproceedings{EnergyGPSTO,
author={K. Lin and A. Kansal and D. Lymberopoulos and F. Zhao},
booktitle={Proc. of ACM MobiSys},
title={Energy-Accuracy Trade-Off for Continuous Mobile Device Location},
year={2010},
location = {San Francisco, CA, USA},
};

@inproceedings{SensingSmartPhones,
author={Z. Zhuang and K. Kim and J. P. Singh},
booktitle={Proc. of ACM MobiSys},
title={Improving Energy Efficiency of Location Sensing on Smartphones},
year={2010},
location = {San Francisco, CA, USA},
};


@article{DTNTaxonomy,
author={T. Spyropoulos and N. B. Rais and T. Turletti and K. Obraczka and T. Vasilakos},
journal={in ACM/Kluwer Wireless Networks (WINET)},
title={Routing for Disruption Tolerant Networks: Taxonomy and Design},
year={2010},
};


@inproceedings{MANETCollaboration,
author={ L. Blazevic and L. Buttyan and S. Capkun and S. Giordano and J.P. Hubaux and and J.Y. Le Boudec.},
booktitle={Proc. of IEEE Communications Magazine},
title={Selforganization in mobile ad hoc networks: The approach of Terminodes},
year={2011},
};


@article{NashEquilibria,
author={M. Felegyhazi and J. P. Hubaux and L. Buttyan},
journal={Transactions on Mobile Computing},
title={Nash Equilibria of Packet Forwarding Strategies in Wireless Ad Hoc Networks},
year={2006},
};

@misc{NS3,
	title = {The {NS-3} network simulator},
	howpublished = "http://www.nsnam.org",
};

@misc{ATT,
	title = {{AT\&T}: Improving {3G} network},
	howpublished = "http://gigaom.com/2008/06/08/3g-network-iphone/",
};

@misc{ATT2,
	title = {IPhone users eating up {AT\&T}'s network},
	howpublished = "http://venturebeat.com/2009/05/11/iphone-users-eating-up-atts-network/",
};


@techreport{TMC:Report,
 author ={A. Krifa and C. Barakat and T. Spyropoulos},
 year={2010},
 title={Message Drop and Scheduling in {DTN}s: Theory and Practice},
 institution={HAL INRIA},
};

@inproceedings{OptimalChannelChoice,
 author = {L. Hu and J.Y. Le Boudec and M. Vojnovic},
 title = {Optimal Channel Choice for Collaborative Ad-Hoc Dissemination},
 booktitle = {Proc. of IEEE INFOCOM},
 year = {2010},
 address = {San Diego, CA, USA},
};

@inproceedings{BitThief,
 author = {T. Locher and P. Moor and S. Schmid and R. Wattenhofer},
 title = {Free Riding in BitTorrent is Cheap },
 booktitle = {Proc. of ACM HotNets},
 year = {2006},
 address = {Irvine, CA, USA},
};
	

@inproceedings{MCMC-DTN,
 author = {A. Picu and T. Spyropoulos},
 title = {Distributed stochastic optimization in opportunistic networks: the case of optimal relay selection},
 booktitle = {Proc. of ACM CHANTS},
 year = {2010},
 address = {Chicago, Illinois, USA},
};

@inproceedings{BarterDTN,
 author = {L. Buttyan and M. Felegyhazi and I. Vajda},
 title = {Barter-based cooperation in delay-tolerant personal wireless networks},
 booktitle = {Proc. of IEEE AOC},
 year = {2007},
 address = {Helsinki, Finland},
};

@inproceedings{VARS,
 author = {F. Dotzer and L. Fisher and P. Magiera},
 title = {{VARS}: a vehicle ad-hoc network reputation system},
 booktitle = {Proc. of IEEE WoWMoM},
 year = {2005},
 address = {Taormina, Giardini Naxos},
};

@book{game,
   author = "J. C. Harsany and R. Selten",
   title= "A General Theory of Equilibrium Selection in Games",
   publisher = "The MIT Press",
   year = 1988,
};

@book{mcmc-bremaud,
  author    = {Pierre Br\'emaud},
  title     = {Markov chains : Gibbs fields, Monte Carlo simulation, and queues},
  year      = {2001},
  isbn      = {0-38798-509-3},
  publisher = {Springer},
  address   = {Berlin, Germany},
};

@article{Passarella:Survey,
  AUTHOR =       {L. Pelusi and A. Passarella and M. Conti},
  TITLE =        {Opportunistic Networking: Data Forwarding in Disconnected Mobile Ad Hoc Networks},
  JOURNAL =      {IEEE Commun. Mag.},
  YEAR =         {2006},
  volume =       {44},
  number =       {11},
};


@inproceedings{Energy-Delay,
 author = {M. R. Ra and J. Paek and A. B. Sharma and R. Govindan and M. H. Krieger and M. J. Neely},
 title = {Energy-Delay Tradeoffs in Smartphone Applications},
 booktitle = {Proc. of MobiSys},
 year = {2010},
 address = {San Francisco, California, USA},
};


@inproceedings{Killer-DTN,
 author = {A. Lindgren and P. Hui.},
 title = {The Quest for a Killer App for Opportunistic and Delay
Tolerant Networks},
 booktitle = {Proc. of ACM MobiCom Workshop on Challenged Networks},
 year = {2009},
 address = {Beijing, China},
};

@misc{TIER,
	title = {{TIER} Project, UC Berkeley},
	howpublished = "http://tier.cs.berkeley.edu/",
};

@misc{DSH,
	title = {Digital StudyHall ({DSH})},
	howpublished = "http://dsh.cs.washington.edu/",
};


@misc{OneLaptopPerChild,
	title = {One Laptop Per Child},
	howpublished = "http://one.laptop.org/",
};

@misc{RefBT,
	TITLE = "{B}itTorrent protocol},
	howpublished = "http://wiki.theory.org/BitTorrentSpecification",
};

@misc{BitHocWeb,
	TITLE = "{B}it{H}oc",
	howpublished = "http://planete.inria.fr/bithoc/",
};

@misc{Bundle,
	TITLE = "{B}undle protocol specification",
	howpublished = "http://www.ietf.org/rfc/rfc5050.txt",
};


@inproceedings{Wearable,
 author = {J. Davis and A. Fagg and and B. N. Levine},
title = {Wearable Computers
and Packet Transport Mechanisms in Highly Partitioned Ad
hoc Networks},
 booktitle = {Proc. of IEEE ISWC},
 year = {2001},
};


@inproceedings{MVRouting,
 author = {B. Burns, O. Brock, and B. N. Levine},
title = {MV Routing and
Capacity Building in Disruption Tolerant Networks},
 booktitle = {In Proc. IEEE Infocom},
 year = {2005},
};

@inproceedings{PRESTO,
 author = {P. Desnoyers and D. Ganesan and H. Li and M. Li and P. Shenoy},
title = {PRESTO: A Predictive Storage Arch- itecture for Sensor
Networks},
 booktitle = {In Proc. USENIX HotOS},
 year = {2005},
};


@inproceedings{DTNSpace,
author = {J. Leguay and T. Friedman and V. Conan},
title = { {DTN} Routing in a Mobility Pattern Space},
 booktitle = {In Proc. ACM Chants Workshop},
 year = {2005},
};

@inproceedings{WirelessInfostation,
author = {T. Small and Z. J. Haas},
title = {{T}he shared wireless infostation model : A new ad hoc networking paradigm},
booktitle = {In Proc. ACM MobiHoc},
year = {2003},
address = {Anapolis, MD, USA},
};

@misc{DTNTutorial,
	TITLE = "{D}elay-tolerant networks ({DTN}s) : {A} tutorial",
	howpublished = "http://www.dtnrg.org/wiki/Docs",
};

@article{DTNRoutingSurvey06,
 author = {Z. Zhang.},
 title = {{R}outing in intermittently connected mobile ad hoc networks and delay tolerant networks},
 journal = {IEEE Communications Surveys and Tutorials},
 year = {2006},
 };


@article{ExperimentingON,
 author = {A-K Pietilainen and C. Diot},
 title = {{E}xperimenting with opportunistic networking},
 booktitle = {In Proc. of MobiArch, International Workshop on Mobility in the Evolving
Internet Architecture},
 year = {2009},
 };


@BOOK{Boyd:convex-optimization-book,
   author = "S. Boyd and L. Vandenberghe",
   title = "{C}onvex {O}ptimization",
   publisher = "Cambridge University Press New York, NY, USA",
   year = 2004
   }

@article{Akis:IJAACS2008,
 author     = "Thrasyvoulos Spyropoulos and Apoorva Jindal and Konstantinos Psounis",
 title      = "{A}n analytical study of fundamental mobility properties for encounter-based protocols",
 journal    = "International Journal of Autonomous and Adaptive Communications Systems",
 year       = "2008",
};


@misc{MobiSim,
	TITLE = "MobiSim:",
	howpublished = "http://www.mobisim.org/fr-home.html",
};



@inproceedings{MoB,
author = {R. Chakravorty and S. Agarwal and S. Banerjee},
title = {{M}o{B}: A mobile bazaar for wide-area wireless services},
booktitle = {in Proc. ACM MobiCom},
year = {2005},
address = {Cologne, Germany},
};


@inproceedings{Boldrini:2008,
 author = {C. Boldrini and M. Conti and A. Passarella},
 title = {{M}odelling data dissemination in opportunistic networks},
 booktitle = {in Proc. of CHANTS},
 year = {2008},
 address = {San Francisco, California, USA},
}; 

@inproceedings{OptimalChannelChoice,
 author = {L. Hu and J.Y. Le Boudec and M. Vojnovic},
 title = {{O}ptimal Channel Choice for Collaborative Ad-Hoc Dissemination},
 booktitle = {Proc. of IEEE INFOCOM},
 year = {2010},
};

@misc{HBSDDTN2,
	TITLE = "{HBSD DTN2} external router",
	howpublished = "http://planete.inria.fr/{HBSD}\_{DTN2}",
};


@misc{MobiTradeAndroid,
	TITLE = "{M}obi{T}rade implementation for {A}ndroid {OS}",
	howpublished = "http://planete.inria.fr/{M}obi{T}rade",
};


@misc{AndroidBluetoothAPI,
	TITLE = "{A}ndroid {B}luetooth {API}",
	howpublished = "http://developer.android.com/guide/topics/wireless/bluetooth.html",
};

@misc{SQLite,
	TITLE = "{SQL}ite database",
	howpublished = "http://www.sqlite.org",
};

@misc{DTN2Manual,
	TITLE = "{DTN2} manual",
	howpublished = "http://www.dtnrg.org/docs/code/DTN2/doc/manual",
};




@inproceedings{Boldrini:2008:MDD,
 author = {C. Boldrini and M. Conti and A. Passarella},
 title = {Modelling data dissemination in opportunistic networks},
 booktitle = {Proceedings of the third ACM workshop on Challenged networks},
 series = {CHANTS},
 year = {2008},
 address = {San Francisco, California, USA},
 }; 


@techreport{MobiTradeTechReport,
    title = { {M}obi{T}rade: {I}nterest driven content dissemination architecture for {D}isruption {T}olerant {N}etworks},
    author = {{K}rifa, {A}mir and {B}arakat, {C}hadi and {S}pyropoulos, {T}hrasyvoulos},
    type = {{T}echnical {R}eport},
    year = {2011},
    URL = {http://hal.inria.fr/inria-00568235/en/},
};



@inproceedings{Boldrini:2008:MDD,
 author = {C. Boldrini and M. Conti and A. Passarella},
 title = {Modelling data dissemination in opportunistic networks},
 booktitle = {Proceedings of the third ACM workshop on Challenged networks},
 series = {CHANTS},
 year = {2008},
 address = {San Francisco, California, USA},
 }; 



@techreport{Demmer03implementingdelay,
    author = {M. Demmer and E. Brewer and K. Fall and M. Ho and R. Patra},
    title = {Implementing Delay Tolerant Networking},
    year = {2003}
}
